@article {jeremy2017,
	author = {Manning, Jeremy and Zhu, Xia and Willke, Theodore and Ranganath, Rajesh and Stachenfeld, Kimberly and Hasson, Uri and Blei, David M and Norman, Kenneth A},
	title = {A probabilistic approach to discovering dynamic full-brain functional connectivity patterns},
	year = {2017},
	doi = {10.1101/106690},
	publisher = {Cold Spring Harbor Labs Journals},
	abstract = {Recent work indicates that the covariance structure of functional magnetic resonance imaging (fMRI) data -- commonly described as functional connectivity -- can change as a function of the participant{\textquoteright}s cognitive state (for review see Turk-Browne et al., 2013). Here we present a technique, termed hierarchical topographic factor analysis (HTFA), for efficiently discovering full-brain networks in large multi-subject neuroimaging datasets. HTFA approximates each subject{\textquoteright}s network by first re-representing each brain image in terms of the activations of a set of localized nodes, and then computing the covariance of the activation time series of these nodes. The number of nodes, along with their locations, sizes, and activations (over time) are learned from the data. Because the number of nodes is typically substantially smaller than the number of fMRI voxels, HTFA can be orders of magnitude more efficient than traditional voxel-based functional connectivity approaches. In one case study, we show that HTFA recovers the known connectivity patterns underlying a synthetic dataset. In a second case study, we illustrate how HTFA may be used to discover dynamic full-brain activity and connectivity patterns in real fMRI data, collected as participants listened to a story. In a third case study, we carried out a similar series of analyses on fMRI data collected as participants viewed an episode of a television show. In these latter case studies, we found that both the HTFA-derived activity and connectivity patterns may be used to reliably decode which moments in the story or show the participants were experiencing. Further, we found that these two classes of patterns contained partially non-overlapping information, such that classifiers trained on combinations of activity-based and dynamic connectivity-based features performed better than classifiers trained on activity or connectivity patterns alone.},
	URL = {http://www.biorxiv.org/content/early/2017/02/07/106690},
	eprint = {http://www.biorxiv.org/content/early/2017/02/07/106690.full.pdf},
	journal = {bioRxiv}
}

@Article{elena2012,
   Author="Allen, E. A.  and Damaraju, E.  and Plis, S. M.  and Erhardt, E. B.  and Eichele, T.  and Calhoun, V. D. ",
   Title="{{T}racking whole-brain connectivity dynamics in the resting state}",
   Journal="Cereb. Cortex",
   Year="2014",
   Volume="24",
   Number="3",
   Pages="663--676",
   Month="Mar"
}

@Article{enrico2011,
   Author="Glerean, E.  and Salmi, J.  and Lahnakoski, J. M.  and Jaaskelainen, I. P.  and Sams, M. ",
   Title="{{F}unctional magnetic resonance imaging phase synchronization as a measure of dynamic functional connectivity}",
   Journal="Brain Connect",
   Year="2012",
   Volume="2",
   Number="2",
   Pages="91--101"
}

@Article{olaf2005,
   Author="Sporns, O.  and Tononi, G.  and Kotter, R. ",
   Title="{{T}he human connectome: {A} structural description of the human brain}",
   Journal="PLoS Comput. Biol.",
   Year="2005",
   Volume="1",
   Number="4",
   Pages="e42",
   Month="Sep"
}

@Article{hasson2016,
   Author="Simony, E.  and Honey, C. J.  and Chen, J.  and Lositsky, O.  and Yeshurun, Y.  and Wiesel, A.  and Hasson, U. ",
   Title="{{D}ynamic reconfiguration of the default mode network during narrative comprehension}",
   Journal="Nat Commun",
   Year="2016",
   Volume="7",
   Pages="12141",
   Month="Jul"
}


@Article{davidson2016,
   Author="Davison, E. N.  and Turner, B. O.  and Schlesinger, K. J.  and Miller, M. B.  and Grafton, S. T.  and Bassett, D. S.  and Carlson, J. M. ",
   Title="{{I}ndividual {D}ifferences in {D}ynamic {F}unctional {B}rain {C}onnectivity across the {H}uman {L}ifespan}",
   Journal="PLoS Comput. Biol.",
   Year="2016",
   Volume="12",
   Number="11",
   Pages="e1005178",
   Month="Nov"
}


@ARTICLE{tang2017,
   author = {{Tang}, E. and {Bassett}, D.~S.},
    title = "{Control of Dynamics in Brain Networks}",
  journal = {ArXiv e-prints},
archivePrefix = "arXiv",
   eprint = {1701.01531},
 primaryClass = "q-bio.QM",
 keywords = {Quantitative Biology - Quantitative Methods, Condensed Matter - Disordered Systems and Neural Networks, Condensed Matter - Soft Condensed Matter, Physics - Biological Physics, Quantitative Biology - Neurons and Cognition},
     year = 2017,
    month = jan,
   adsurl = {http://adsabs.harvard.edu/abs/2017arXiv170101531T},
  adsnote = {Provided by the SAO/NASA Astrophysics Data System}
}

@article {khambhati2017,
	author = {Khambhati, Ankit N and Sizemore, Ann E and Betzel, Richard F and Bassett, Danielle S},
	title = {Modelling And Interpreting Network Dynamics},
	year = {2017},
	doi = {10.1101/124016},
	publisher = {Cold Spring Harbor Labs Journals},
	abstract = {Recent advances in brain imaging techniques, measurement approaches, and storage capacities have provided an unprecedented supply of high temporal resolution neural data. These data present a remarkable opportunity to gain a mechanistic understanding not just of circuit structure, but also of circuit dynamics, and its role in cognition and disease. Such understanding necessitates a description of the raw observations, and a delineation of computational models and mathematical theories that accurately capture fundamental principles behind the observations. Here, we review recent advances in a range of modeling approaches that embrace the temporally-evolving, interconnected structure of the brain and summarize that structure in a dynamic graph. We describe recent efforts to model dynamic patterns of connectivity, dynamic patterns of activity, and patterns of activity atop connectivity. In the context of these models, we review important considerations in statistical testing, including parametric and non-parametric approaches. Finally, we offer thoughts on careful and accurate interpretation of dynamic graph architecture, and outline important future directions for method development.},
	URL = {http://www.biorxiv.org/content/early/2017/04/04/124016},
	eprint = {http://www.biorxiv.org/content/early/2017/04/04/124016.full.pdf},
	journal = {bioRxiv}
}

@Article{hasson2009,
   Author="Hasson, U.  and Malach, R.  and Heeger, D. J. ",
   Title="{{R}eliability of cortical activity during natural stimulation}",
   Journal="Trends Cogn. Sci. (Regul. Ed.)",
   Year="2010",
   Volume="14",
   Number="1",
   Pages="40--48",
   Month="Jan"
}

@Article{hasson2005,
   Author="Mukamel, R.  and Gelbard, H.  and Arieli, A.  and Hasson, U.  and Fried, I.  and Malach, R. ",
   Title="{{C}oupling between neuronal firing, field potentials, and {F}{M}{R}{I} in human auditory cortex}",
   Journal="Science",
   Year="2005",
   Volume="309",
   Number="5736",
   Pages="951--954",
   Month="Aug"
}

@Article{hasson2004,
   Author="Hasson, U.  and Nir, Y.  and Levy, I.  and Fuhrmann, G.  and Malach, R. ",
   Title="{{I}ntersubject synchronization of cortical activity during natural vision}",
   Journal="Science",
   Year="2004",
   Volume="303",
   Number="5664",
   Pages="1634--1640",
   Month="Mar"
}

@Article{hasson2012,
   Author="Ben-Yakov, A.  and Honey, C. J.  and Lerner, Y.  and Hasson, U. ",
   Title="{{L}oss of reliable temporal structure in event-related averaging of naturalistic stimuli}",
   Journal="Neuroimage",
   Year="2012",
   Volume="63",
   Number="1",
   Pages="501--506",
   Month="Oct"
}

@Article{peterson9,
   Author="Burgess, G. C.  and Kandala, S.  and Nolan, D.  and Laumann, T. O.  and Power, J. D.  and Adeyemo, B.  and Harms, M. P.  and Petersen, S. E.  and Barch, D. M. ",
   Title="{{E}valuation of {D}enoising {S}trategies to {A}ddress {M}otion-{C}orrelated {A}rtifacts in {R}esting-{S}tate {F}unctional {M}agnetic {R}esonance {I}maging {D}ata from the {H}uman {C}onnectome {P}roject}",
   Journal="Brain Connect",
   Year="2016",
   Volume="6",
   Number="9",
   Pages="669--680",
   Month="Nov"
}

@Article{peterson10,
   Author="Gordon, E. M.  and Laumann, T. O.  and Adeyemo, B.  and Gilmore, A. W.  and Nelson, S. M.  and Dosenbach, N. U.  and Petersen, S. E. ",
   Title="{{I}ndividual-specific features of brain systems identified with resting state functional correlations}",
   Journal="Neuroimage",
   Year="2017",
   Volume="146",
   Pages="918--939",
   Month="Feb"
}

@Article{peterson11,
   Author="Laumann, T. O.  and Snyder, A. Z.  and Mitra, A.  and Gordon, E. M.  and Gratton, C.  and Adeyemo, B.  and Gilmore, A. W.  and Nelson, S. M.  and Berg, J. J.  and Greene, D. J.  and McCarthy, J. E.  and Tagliazucchi, E.  and Laufs, H.  and Schlaggar, B. L.  and Dosenbach, N. U.  and Petersen, S. E. ",
   Title="{{O}n the {S}tability of {B}{O}{L}{D} f{M}{R}{I} {C}orrelations}",
   Journal="Cereb. Cortex",
   Year="2016",
   Pages=" ",
   Month="Sep"
}

@Article{peterson12,
   Author="Greene, D. J.  and Church, J. A.  and Dosenbach, N. U.  and Nielsen, A. N.  and Adeyemo, B.  and Nardos, B.  and Petersen, S. E.  and Black, K. J.  and Schlaggar, B. L. ",
   Title="{{M}ultivariate pattern classification of pediatric {T}ourette syndrome using functional connectivity {M}{R}{I}}",
   Journal="Dev Sci",
   Year="2016",
   Volume="19",
   Number="4",
   Pages="581--598",
   Month="Jul"
}

@Article{peterson17,
   Author="Smyser, C. D.  and Dosenbach, N. U.  and Smyser, T. A.  and Snyder, A. Z.  and Rogers, C. E.  and Inder, T. E.  and Schlaggar, B. L.  and Neil, J. J. ",
   Title="{{P}rediction of brain maturity in infants using machine-learning algorithms}",
   Journal="Neuroimage",
   Year="2016",
   Volume="136",
   Pages="1--9",
   Month="Aug"
}

@Article{peterson19,
   Author="Neta, M.  and Miezin, F. M.  and Nelson, S. M.  and Dubis, J. W.  and Dosenbach, N. U.  and Schlaggar, B. L.  and Petersen, S. E. ",
   Title="{{S}patial and temporal characteristics of error-related activity in the human brain}",
   Journal="J. Neurosci.",
   Year="2015",
   Volume="35",
   Number="1",
   Pages="253--266",
   Month="Jan"
}


@Article{peterson20,
   Author="Power, J. D.  and Schlaggar, B. L.  and Petersen, S. E. ",
   Title="{{R}ecent progress and outstanding issues in motion correction in resting state f{M}{R}{I}}",
   Journal="Neuroimage",
   Year="2015",
   Volume="105",
   Pages="536--551",
   Month="Jan"
}

@Article{Logothetis01,
   Author="Logothetis, N. K.  and Pauls, J.  and Augath, M.  and Trinath, T.  and Oeltermann, A. ",
   Title="{{N}europhysiological investigation of the basis of the f{M}{R}{I} signal}",
   Journal="Nature",
   Year="2001",
   Volume="412",
   Number="6843",
   Pages="150--157",
   Month="Jul"
}

@Article{Greene01,
   Author="Greene, J. D.  and Sommerville, R. B.  and Nystrom, L. E.  and Darley, J. M.  and Cohen, J. D. ",
   Title="{{A}n f{M}{R}{I} investigation of emotional engagement in moral judgment}",
   Journal="Science",
   Year="2001",
   Volume="293",
   Number="5537",
   Pages="2105--2108",
   Month="Sep"
}

@Article{Friston99,
   Author="Friston, K. J.  and Holmes, A. P.  and Price, C. J.  and Buchel, C.  and Worsley, K. J. ",
   Title="{{M}ultisubject f{M}{R}{I} studies and conjunction analyses}",
   Journal="Neuroimage",
   Year="1999",
   Volume="10",
   Number="4",
   Pages="385--396",
   Month="Oct"
}


@Article{Friston98,
   Author="Friston, K. J.  and Fletcher, P.  and Josephs, O.  and Holmes, A.  and Rugg, M. D.  and Turner, R. ",
   Title="{{E}vent-related f{M}{R}{I}: characterizing differential responses}",
   Journal="Neuroimage",
   Year="1998",
   Volume="7",
   Number="1",
   Pages="30--40",
   Month="Jan"
}

@Article{Ogawa90,
   Author="Ogawa, S.  and Lee, T. M.  and Kay, A. R.  and Tank, D. W. ",
   Title="{{B}rain magnetic resonance imaging with contrast dependent on blood oxygenation}",
   Journal="Proc. Natl. Acad. Sci. U.S.A.",
   Year="1990",
   Volume="87",
   Number="24",
   Pages="9868--9872",
   Month="Dec"
}

@Article{Norman06,
   Author="Norman, K. A.  and Polyn, S. M.  and Detre, G. J.  and Haxby, J. V. ",
   Title="{{B}eyond mind-reading: multi-voxel pattern analysis of f{M}{R}{I} data}",
   Journal="Trends Cogn. Sci. (Regul. Ed.)",
   Year="2006",
   Volume="10",
   Number="9",
   Pages="424--430",
   Month="Sep"
}

@Article{Turke13,
   Author="Turk-Browne, N. B. ",
   Title="{{F}unctional interactions as big data in the human brain}",
   Journal="Science",
   Year="2013",
   Volume="342",
   Number="6158",
   Pages="580--584",
   Month="Nov"
}

@Article{Rubinov2010,
   Author="Rubinov, M.  and Sporns, O. ",
   Title="{{C}omplex network measures of brain connectivity: uses and interpretations}",
   Journal="Neuroimage",
   Year="2010",
   Volume="52",
   Number="3",
   Pages="1059--1069",
   Month="Sep"
}

@ARTICLE{Betzel2017,
   author = {{Betzel}, R.~F. and {Medaglia}, J.~D. and {Papadopoulos}, L. and
	{Baum}, G. and {Gur}, R. and {Gur}, R. and {Roalf}, D. and {Satterthwaite}, T.~D. and
	{Bassett}, D.~S.},
    title = "{The modular organization of human anatomical brain networks: Accounting for the cost of wiring}",
  journal = {ArXiv e-prints},
archivePrefix = "arXiv",
   eprint = {1608.01161},
 primaryClass = "q-bio.NC",
 keywords = {Quantitative Biology - Neurons and Cognition},
     year = 2016,
    month = aug,
   adsurl = {http://adsabs.harvard.edu/abs/2016arXiv160801161B},
  adsnote = {Provided by the SAO/NASA Astrophysics Data System}
}

@Article{Craddock2012,
   Author="Craddock, R. C.  and James, G. A.  and Holtzheimer, P. E.  and Hu, X. P.  and Mayberg, H. S. ",
   Title="{{A} whole brain f{M}{R}{I} atlas generated via spatially constrained spectral clustering}",
   Journal="Hum Brain Mapp",
   Year="2012",
   Volume="33",
   Number="8",
   Pages="1914--1928",
   Month="Aug"
}

@Article{Yeo2011,
   Author="Yeo, B. T.  and Krienen, F. M.  and Sepulcre, J.  and Sabuncu, M. R.  and Lashkari, D.  and Hollinshead, M.  and Roffman, J. L.  and Smoller, J. W.  and Zollei, L.  and Polimeni, J. R.  and Fischl, B.  and Liu, H.  and Buckner, R. L. ",
   Title="{{T}he organization of the human cerebral cortex estimated by intrinsic functional connectivity}",
   Journal="J. Neurophysiol.",
   Year="2011",
   Volume="106",
   Number="3",
   Pages="1125--1165",
   Month="Sep"
}

@Article{Chen2017,
   Author="Chen, J.  and Leong, Y. C.  and Honey, C. J.  and Yong, C. H.  and Norman, K. A.  and Hasson, U. ",
   Title="{{S}hared memories reveal shared structure in neural activity across individuals}",
   Journal="Nat. Neurosci.",
   Year="2017",
   Volume="20",
   Number="1",
   Pages="115--125",
   Month="Jan"
}

@Article{Hanke2014,
   Author="Hanke, M.  and Baumgartner, F. J.  and Ibe, P.  and Kaule, F. R.  and Pollmann, S.  and Speck, O.  and Zinke, W.  and Stadler, J. ",
   Title="{{A} high-resolution 7-{T}esla f{M}{R}{I} dataset from complex natural stimulation with an audio movie}",
   Journal="Sci Data",
   Year="2014",
   Volume="1",
   Pages="140003"
}

@Article{Bassett2017,
   Author="Bassett, D. S.  and Sporns, O. ",
   Title="{{N}etwork neuroscience}",
   Journal="Nat. Neurosci.",
   Year="2017",
   Volume="20",
   Number="3",
   Pages="353--364",
   Month="Feb"
}

@article{Matthew2015,
author = {Matthew Brook O’Donnell and Emily B. Falk},
title = {Big Data under the Microscope and Brains in Social Context},
journal = {The ANNALS of the American Academy of Political and Social Science},
volume = {659},
number = {1},
pages = {274-289},
year = {2015},
doi = {10.1177/0002716215569446},

URL = {
        http://dx.doi.org/10.1177/0002716215569446

},
eprint = {
        http://dx.doi.org/10.1177/0002716215569446

}
,
    abstract = { Methods for analyzing neural and computational social science data are usually used by different types of scientists and generally seen as distinct, but they strongly complement one another. Computational social science methodologies can strengthen and contextualize individual-level analysis, specifically our understanding of the brain. Neuroscience can help to unpack the mechanisms that lead from micro- through meso- to macro-level observations. Integrating levels of analysis is essential to unified progress in social research. We present two example areas that illustrate this integration. First, combining egocentric social network data with neural variables from the “egos” provides insight about why and for whom certain types of antismoking messages may be more or less effective. Second, combining tools from natural language processing with neuroimaging reveals mechanisms involved in successful message propagation, and suggests links from microscopic to macroscopic scales. }
}

@ARTICLE{Betzel2015,
   author = {{Betzel}, R.~F. and {Mi{\v s}i{\'c}}, B. and {He}, Y. and {Rumschlag}, J. and
	{Zuo}, X.-N. and {Sporns}, O.},
    title = "{Functional brain modules reconfigure at multiple scales across the human lifespan}",
  journal = {ArXiv e-prints},
archivePrefix = "arXiv",
   eprint = {1510.08045},
 primaryClass = "q-bio.NC",
 keywords = {Quantitative Biology - Neurons and Cognition},
     year = 2015,
    month = oct,
   adsurl = {http://adsabs.harvard.edu/abs/2015arXiv151008045B},
  adsnote = {Provided by the SAO/NASA Astrophysics Data System}
}

@Article{Nigam2016,
   Author="Nigam, S.  and Shimono, M.  and Ito, S.  and Yeh, F. C.  and Timme, N.  and Myroshnychenko, M.  and Lapish, C. C.  and Tosi, Z.  and Hottowy, P.  and Smith, W. C.  and Masmanidis, S. C.  and Litke, A. M.  and Sporns, O.  and Beggs, J. M. ",
   Title="{{R}ich-{C}lub {O}rganization in {E}ffective {C}onnectivity among {C}ortical {N}eurons}",
   Journal="J. Neurosci.",
   Year="2016",
   Volume="36",
   Number="3",
   Pages="670--684",
   Month="Jan"
}


@Article{Hutchinson2013,
   Author="Hutchison, R. M.  and Womelsdorf, T.  and Allen, E. A.  and Bandettini, P. A.  and Calhoun, V. D.  and Corbetta, M.  and Della Penna, S.  and Duyn, J. H.  and Glover, G. H.  and Gonzalez-Castillo, J.  and Handwerker, D. A.  and Keilholz, S.  and Kiviniemi, V.  and Leopold, D. A.  and de Pasquale, F.  and Sporns, O.  and Walter, M.  and Chang, C. ",
   Title="{{D}ynamic functional connectivity: promise, issues, and interpretations}",
   Journal="Neuroimage",
   Year="2013",
   Volume="80",
   Pages="360--378",
   Month="Oct"
}

@Article{Battiston2017,
   Author="Battiston, F.  and Nicosia, V.  and Chavez, M.  and Latora, V. ",
   Title="{{M}ultilayer motif analysis of brain networks}",
   Journal="Chaos",
   Year="2017",
   Volume="27",
   Number="4",
   Pages="047404",
   Month="Apr"
}

% 28772125
@Article{Baldassano2016,
   Author="Baldassano, C.  and Chen, J.  and Zadbood, A.  and Pillow, J. W.  and Hasson, U.  and Norman, K. A. ",
   Title="{{D}iscovering {E}vent {S}tructure in {C}ontinuous {N}arrative {P}erception and {M}emory}",
   Journal="Neuron",
   Year="2017",
   Volume="95",
   Number="3",
   Pages="709--721",
   Month="Aug"
}

@Article{Dipasquale2015,
   Author="Dipasquale, O.  and Griffanti, L.  and Clerici, M.  and Nemni, R.  and Baselli, G.  and Baglio, F. ",
   Title="{{H}igh-{D}imensional {I}{C}{A} {A}nalysis {D}etects {W}ithin-{N}etwork {F}unctional {C}onnectivity {D}amage of {D}efault-{M}ode and {S}ensory-{M}otor {N}etworks in {A}lzheimer's {D}isease}",
   Journal="Front Hum Neurosci",
   Year="2015",
   Volume="9",
   Pages="43"
}

@Article{Iraji2016,
   Author="Iraji, A.  and Calhoun, V. D.  and Wiseman, N. M.  and Davoodi-Bojd, E.  and Avanaki, M. R.  and Haacke, E. M.  and Kou, Z. ",
   Title="{{T}he connectivity domain: {A}nalyzing resting state f{M}{R}{I} data using feature-based data-driven and model-based methods}",
   Journal="Neuroimage",
   Year="2016",
   Volume="134",
   Pages="494--507",
   Month="Jul"
}

@Article{xu2013,
   Author="Xu, J.  and Potenza, M. N.  and Calhoun, V. D. ",
   Title="{{S}patial {I}{C}{A} reveals functional activity hidden from traditional f{M}{R}{I} {G}{L}{M}-based analyses}",
   Journal="Front Neurosci",
   Year="2013",
   Volume="7",
   Pages="154"
}
